<?xml version="1.0" encoding="UTF-8"?><record xmlns="http://www.loc.gov/MARC21/slim" xmlns:cinclude="http://apache.org/cocoon/include/1.0" xmlns:zs="http://www.loc.gov/zing/srw/">
  <leader>02103nz  a2200253n  4500</leader>
  <controlfield tag="001">no2014071377</controlfield>
  <controlfield tag="003">DLC</controlfield>
  <controlfield tag="005">20140528073524.0</controlfield>
  <controlfield tag="008">140523n| azannaabn          |a aaa     c</controlfield>
  <datafield tag="010" ind1=" " ind2=" ">
    <subfield code="a">no2014071377</subfield>
  </datafield>
  <datafield tag="035" ind1=" " ind2=" ">
    <subfield code="a">(OCoLC)oca09864521</subfield>
  </datafield>
  <datafield tag="040" ind1=" " ind2=" ">
    <subfield code="a">MiBsA</subfield>
    <subfield code="b">eng</subfield>
    <subfield code="c">MiBsA</subfield>
    <subfield code="e">rda</subfield>
  </datafield>
  <datafield tag="100" ind1="1" ind2=" ">
    <subfield code="a">Coke, Lileth Althea</subfield>
  </datafield>
  <datafield tag="371" ind1=" " ind2=" ">
    <subfield code="a">4031 De Reimer Ave.</subfield>
    <subfield code="b">Bronx</subfield>
    <subfield code="c">N.Y.</subfield>
    <subfield code="m">lacoke@northeastern.org</subfield>
  </datafield>
  <datafield tag="373" ind1=" " ind2=" ">
    <subfield code="a">Oakview Prep. School, N.Y.</subfield>
    <subfield code="s">1996</subfield>
    <subfield code="t">1998</subfield>
  </datafield>
  <datafield tag="373" ind1=" " ind2=" ">
    <subfield code="a">R.T. Hudson, N.Y.</subfield>
    <subfield code="s">1998</subfield>
    <subfield code="t">2009</subfield>
  </datafield>
  <datafield tag="373" ind1=" " ind2=" ">
    <subfield code="a">Northeastern Conference of Seventh-day Adventists, N.Y.</subfield>
    <subfield code="s">2009</subfield>
  </datafield>
  <datafield tag="374" ind1=" " ind2=" ">
    <subfield code="a">Teacher</subfield>
    <subfield code="a">School administrator</subfield>
    <subfield code="a">Church administrator</subfield>
  </datafield>
  <datafield tag="375" ind1=" " ind2=" ">
    <subfield code="a">female</subfield>
  </datafield>
  <datafield tag="377" ind1=" " ind2=" ">
    <subfield code="a">eng</subfield>
  </datafield>
  <datafield tag="400" ind1="1" ind2=" ">
    <subfield code="a">Althea Coke, Lileth</subfield>
  </datafield>
  <datafield tag="670" ind1=" " ind2=" ">
    <subfield code="a">Teachers' perceptions of the availability and need of a support program for students with learning difficulties attending elementary schools in the Atlantic Union Conference, c2013:</subfield>
    <subfield code="b">t.p. (Lileth Althea Coke, Ph.D. from Andrews University, Mich.) leaf 208 (B.S. in Elementary Education from Atlantic Union College, Mass., 1996; M.A. in School Administration, Atlantic Union College, Mass., in 1999; teacher, Oakview Prep. School, New York, 1996-1998;  teacher and assistant principal, R.T. Hudson School, New York, 1998-2009; church administrator, Northeastern Conference of Seventh-day Adventists, New York, 2009- ; address: 4031 De Reimer Ave., Bronx, N.Y. 10466; email: lacoke@northeastern.org)</subfield>
  </datafield>
  <datafield tag="670" ind1=" " ind2=" ">
    <subfield code="a">Andrews University website, May 16, 2014</subfield>
    <subfield code="b">(Coke, Lileth; gender: female)</subfield>
  </datafield>
  <datafield tag="678" ind1="0" ind2=" ">
    <subfield code="a">Lileth Althea Coke graduated with B.S. in Elementary Education from Atlantic Union College, Mass. in 1996.  She finished her M.A. in School Administration from Atlantic Union College in 1999.  She completed her Ph.D. in Curriculum and Instruction from Andrews University, Mich. in 2013.  She taught at Oakview Prep. School in New York from 1996 to 1998.  She served as assistant principal and teacher at R.T. Hudson School also in New  York from 1998 to 2009.  She has served as administrator at the Education Department of Northeastern Conference of Seventh-day Adventists, New York since 2009.</subfield>
  </datafield>
</record>